@book{TigerBook,
    title={{M}odern {C}ompiler {I}mplementation in {J}ava},
    author={Andrew W Appel},
    year={2002},
    publisher={Cambridge University Press},
    edition={2nd},
    pages={501}
}

@article{clements2004tail,
  title={A tail-recursive machine with stack inspection},
  author={Clements, John and Felleisen, Matthias},
  journal={ACM Transactions on Programming Languages and Systems (TOPLAS)},
  volume={26},
  number={6},
  pages={1029--1052},
  year={2004},
  publisher={ACM}
}

@article{bjarnarson2012stackless,
  title={Stackless scala with free monads},
  author={Bjarnarson, RO},
  journal={Scala Days},
  year={2012}
}

@misc{Slides,
  title = {Tail Calls},
  author = {Michel Schinz},
  howpublished = {\url{https://cs420.epfl.ch/archive/18/s/acc18_10_tail-calls.pdf}},
  note = {Accessed: 2018-12-27},
  year = {2018}
}

https://cs420.epfl.ch/archive/18/s/acc18_10_tail-calls.pdf